<record><leader>00000cas a22000007a 4500</leader><controlfield tag="001">1587032</controlfield><controlfield tag="008">750901d18921895mnusr ne      0    0eng d</controlfield><datafield ind1=" " ind2=" " tag="010"><subfield code="a">sn 90060598 </subfield></datafield><datafield ind1=" " ind2=" " tag="040"><subfield code="a">MUL</subfield><subfield code="b">eng</subfield><subfield code="c">MUL</subfield><subfield code="d">OCL</subfield><subfield code="d">MN#</subfield><subfield code="d">OCLCQ</subfield></datafield><datafield ind1=" " ind2=" " tag="042"><subfield code="a">msc</subfield></datafield><datafield ind1=" " ind2=" " tag="043"><subfield code="a">n-us-mn</subfield><subfield code="a">n-us-il</subfield></datafield><datafield ind1=" " ind2=" " tag="052"><subfield code="a">4144</subfield><subfield code="b">M5</subfield><subfield code="b">S4</subfield></datafield><datafield ind1="0" ind2=" " tag="130"><subfield code="a">Loyal American (Minneapolis, Minn.)</subfield></datafield><datafield ind1="1" ind2="4" tag="245"><subfield code="a">The loyal American.</subfield></datafield><datafield ind1="3" ind2="0" tag="246"><subfield code="a">Loyal American and the North</subfield></datafield><datafield ind1=" " ind2=" " tag="260"><subfield code="a">Minneapolis, Minn. :</subfield><subfield code="b">Edwards J. Doyle</subfield></datafield><datafield ind1=" " ind2=" " tag="300"><subfield code="a">v.</subfield></datafield><datafield ind1=" " ind2=" " tag="310"><subfield code="a">Semimonthly,</subfield><subfield code="b">Feb. 15, 1895-&lt;Mar. 1, 1895&gt;</subfield></datafield><datafield ind1=" " ind2=" " tag="321"><subfield code="a">Weekly,</subfield><subfield code="b">&lt;May 13, 1893&gt;-Feb. 1, 1895</subfield></datafield><datafield ind1="1" ind2=" " tag="362"><subfield code="a">Began in 1892? Ceased in 1895?</subfield></datafield><datafield ind1=" " ind2=" " tag="500"><subfield code="a">Published at: Minneapolis, Minn., and St. Paul, Minn., Nov. 11, 1893-Oct. 6, 1894; at Minneapolis, Minn., St. Paul, Minn., and Chicago, Ill., Oct. 13, 1894-Nov. 3, 1894; at: Minneapolis, Minn., and St. Paul, Minn., Nov. 10, 1894-&lt;Mar. 1, 1895&gt;</subfield></datafield><datafield ind1=" " ind2=" " tag="500"><subfield code="a">Published as: The loyal American and the North, Jan. 27, 1894-Apr. 24, 1894.</subfield></datafield><datafield ind1=" " ind2=" " tag="530"><subfield code="a">Available on microfilm from the Minnesota Historical Society.</subfield></datafield><datafield ind1=" " ind2=" " tag="588"><subfield code="a">Description based on: Vol. 1, no. 24 (May 13, 1893).</subfield></datafield><datafield ind1="0" ind2="5" tag="780"><subfield code="t">North (Minneapolis, Minn. : 1889)</subfield><subfield code="w">(DLC)sn 84024279</subfield></datafield><datafield ind1="1" ind2=" " tag="029"><subfield code="a">AU@</subfield><subfield code="b">000025909242</subfield></datafield></record>